<?xml version="1.0" encoding="UTF-8"?><record xmlns="http://www.loc.gov/MARC21/slim" xmlns:cinclude="http://apache.org/cocoon/include/1.0" xmlns:zs="http://www.loc.gov/zing/srw/">
  <leader>00682cz  a2200133n  4500</leader>
  <controlfield tag="001">n  88211665 </controlfield>
  <controlfield tag="003">DLC</controlfield>
  <controlfield tag="005">20120801082006.0</controlfield>
  <controlfield tag="008">911125n| acannaab           |n aaa     b</controlfield>
  <datafield tag="010" ind1=" " ind2=" ">
    <subfield code="a">n  88211665 </subfield>
  </datafield>
  <datafield tag="040" ind1=" " ind2=" ">
    <subfield code="a">DNLM</subfield>
    <subfield code="b">eng</subfield>
    <subfield code="c">DLC</subfield>
    <subfield code="d">DLC</subfield>
  </datafield>
  <datafield tag="100" ind1="1" ind2=" ">
    <subfield code="a">Morisset, Jean,</subfield>
    <subfield code="c">Ph.D.</subfield>
  </datafield>
  <datafield tag="667" ind1=" " ind2=" ">
    <subfield code="a">THIS 1XX FIELD CANNOT BE USED UNDER RDA UNTIL THIS RECORD HAS BEEN REVIEWED AND/OR UPDATED</subfield>
  </datafield>
  <datafield tag="670" ind1=" " ind2=" ">
    <subfield code="a">Growth of the gastrointestinal tract, 1991:</subfield>
    <subfield code="b">t.p. (Jean Morisset, Ph.D., Prof., Dept. of Biology, Faculty of Sciences, Univ. of Sherbrooke, Quebec, Canada) Eds. p. (Dir. of Centre de Recherche sur les Mécanismes de Sécrétion of the Univ. of Sherbrooke; B.Sc., 1965, Ph.D., 1968, Univ. of Sherbrooke)</subfield>
  </datafield>
</record>